@article{schaller2006new,
  title={The New York city taxicab fact book},
  author={Schaller, Bruce},
  journal={Schaller Consulting, mars},
  year={2006}
}
